@Article{shirali2022survey,
  author  = {Shirali, Mohsen and Tefke, Tobias and Staudemeyer, Ralf C and Poehls, Henrich C},
  journal = {IEEE Access},
  title   = {A Survey on Anonymous Communication Systems with a Focus on Dining Cryptographers Networks},
  year    = {2023},
  month   = jan,
  doi     = {10.1109/ACCESS.2023.3242870},
}

@Conference{Tefke2023,
  author       = {Tefke, Tobias and Staudemeyer, Ralf C.},
  booktitle    = {Sicherheit in vernetzten Systemen. 30. DFN-Konferenz},
  title        = {Sicherheit in Microservice-Umgebungen},
  year         = {2023},
  editor       = {Ude, Albrecht},
  month        = feb,
  organization = {DFN-CERT},
  publisher    = {Books on Demand},
  isbn         = {9-783756-881390},
}


@InProceedings{Shetty2020,
  author    = {Shrajna Shetty and Shubham Shetty and Varsha Vishwakarma and Smita Patil},
  title     = {Review Paper on Door Lock Security Systems},
  booktitle = {2020 IEEE International Conference on Convergence to Digital World Quo Vadis (ICCDW)},
  year      = {2020},
  pages     = {1-6},
  publisher = {IEEE},
  doi       = {10.1109/ICCDW45521.2020.9318636},
}
@Article{Edozie2020,
  author  = {Enerst Edozie and Kambale Vilaka},
  title   = {Design and Implementation of a Smart Sensor and RFID Door Lock Security System with Email Notification},
  journal = {International Journal of Engineering and Information Systems (IJEAIS)},
  volume  = {4},
  number  = {7},
  year    = {2020},
  pages   = {25-28},
  issn    = {2643-640X},
  url     = {https://www.researchgate.net/publication/350447051},
}

@Article{Ortiz2021,
  author  = {Celmar John Salinas Ortiz and Neneil Mendez and May Aisa and Max Angelo Dapitilla Perin},
  title   = {Implementing RFID Controlled Servo Motor Using Arduino},
  journal = {Proceedings of the IRCSMUA},
  year    = {2021},
  month   = {July},
  url     = {https://www.researchgate.net/publication/353235978},
}
@Article{Tewari2021,
  author  = {Anmol Tewari and Pawan Singh},
  title   = {Android App Development: A Review},
  journal = {Journal of Management and Service Science (JMSS)},
  volume  = {1},
  number  = {2},
  year    = {2021},
  pages   = {1-6},
  doi     = {10.54060/JMSS/001.02.006},
}
@Misc{PINE64,
  author       = {PINE64},
  title        = {PineCone Wiki},
  howpublished = {\url{https://wiki.pine64.org/wiki/PineCone}},
  note         = {Accessed: 2024-11-10},
}
@Misc{RFIDReaderEM18,
  author       = {Electronic Wings},
  title        = {RFID Reader EM18},
  howpublished = {\url{https://www.electronicwings.com/sensors-modules/rfid-reader-em18}},
  note         = {Accessed: 2025-01-08},
}
@Misc{MG996RServoMotor,
  author       = {Tower Pro},
  title        = {MG996R Servo Motor Datasheet},
  howpublished = {\url{https://www.electronicoscaldas.com/datasheet/MG996R_Tower-Pro.pdf}},
  note         = {Accessed: 2025-01-08},
}


@Misc{EM-18,
  author  = {Cirkit Designer},
  title   = {EM-18 RFID Reader Module},
  year    = {2025},
  url     = {https://docs.cirkitdesigner.com/component/0b79ad45-fd5e-4109-9777-0358ecfd109a/em-18-rfid-reader-module},
  note    = {Accessed: 2025-03-03}
}

@Manual{PIRMotion,
  author    = {Lady Ada},
  title     = {PIR Motion Sensor},
  year      = {2025},
  organization = {Adafruit Industries},
  url       = {https://learn.adafruit.com/pir-passive-infrared-proximity-motion-sensor},
  note      = {Last updated: 2025-01-22, Accessed: 2025-03-03}
}

@misc{BLFlashEnv,
  author    = {Pine64 Documentation Team},
  title     = {BLFlashEnv - Developer Environment},
  year      = {2024},
  url       = {https://pine64.github.io/bl602-docs/Developer_Environment/BLFlashEnv/BLFlashEnv.html},
  note      = {Accessed: March 3, 2025}
}
@misc{AndroidStudio,
  author    = {Android Developers},
  title     = {Introduction to Android Studio},
  year      = {2024},
  url       = {https://developer.android.com/studio/intro},
  note      = {Accessed: March 3, 2025}
}


@misc{CDevDocs,
  author    = {DevDocs Team},
  title     = {C Programming Language Documentation},
  year      = {2024},
  url       = {https://devdocs.io/c/},
  note      = {Accessed: March 3, 2025}
}

@misc{JavaOracleDocs,
  author    = {Oracle Documentation Team},
  title     = {Java Documentation},
  year      = {2024},
  url       = {https://docs.oracle.com/en/java/},
  note      = {Accessed: March 3, 2025}
}

@misc{FreeRTOSWiki,
  author    = {Wikipedia Contributors},
  title     = {FreeRTOS},
  year      = {2024},
  url       = {https://en.wikipedia.org/wiki/FreeRTOS},
  note      = {Accessed: March 3, 2025}
}

@misc{RaspberryPiWiki,
  author    = {Wikipedia Contributors},
  title     = {Raspberry Pi},
  year      = {2024},
  url       = {https://en.wikipedia.org/wiki/Raspberry_Pi},
  note      = {Accessed: March 3, 2025}
}

@misc{UARTWiki,
  author    = {Wikipedia Contributors},
  title     = {Universal Asynchronous Receiver-Transmitter},
  year      = {2024},
  url       = {https://en.wikipedia.org/wiki/Universal_asynchronous_receiver-transmitter},
  note      = {Accessed: March 3, 2025}
}

@misc{RFIDWiki,
  author    = {Wikipedia Contributors},
  title     = {Radio-Frequency Identification (RFID)},
  year      = {2024},
  url       = {https://en.wikipedia.org/wiki/Radio-frequency_identification},
  note      = {Accessed: March 3, 2025}
}
@misc{PWMGeeksforGeeks,
  author    = {GeeksforGeeks Contributors},
  title     = {Pulse Width Modulation (PWM)},
  year      = {2025},
  url       = {https://www.geeksforgeeks.org/pulse-width-modulation-pwm/},
  note      = {Accessed: March 3, 2025}
}




@Article{Edozie2020,
  author = {Enerst Edozie and Kambale Vilaka},
  title = {Design and Implementation of a Smart Sensor and RFID Door Lock Security System with Email Notification},
  journal = {International Journal of Engineering and Information Systems (IJEAIS)},
  volume = {4},
  number = {7},
  year = {2020},
  pages = {25-28},
  issn = {2643-640X},
  url = {https://www.researchgate.net/publication/350447051},
}

@Article{Ortiz2021,
  author = {Celmar John Salinas Ortiz and Neneil Mendez and May Aisa and Max Angelo Dapitilla Perin},
  title = {Implementing RFID Controlled Servo Motor Using Arduino},
  journal = {Proceedings of the IRCSMUA},
  year = {2021},
  url = {https://www.researchgate.net/publication/353235978},
}

@Article{Tewari2021,
  author = {Anmol Tewari and Pawan Singh},
  title = {Android App Development: A Review},
  journal = {Journal of Management and Service Science (JMSS)},
  volume = {1},
  number = {2},
  year = {2021},
  pages = {1-6},
  doi = {10.54060/JMSS/001.02.006},

}

@Article{Mabasha2023,
  author = {Shaik Mabasha and Srinivasa Rao Kamini and Sadhu Ratna Babu and Abdul Hameed SHAIK},
  title = {Enhancing Home Security through an Android-based Door Security System using IoT Technology},
  journal = {Preprints},
  year = {2023},
  doi = {10.21203/rs.3.rs-3163015/v1},
}

@Article{Tiwari2024,
  author = {Anurag Tiwari and Akhilesh A. Waoo},
  title = {Door Security System for Home Monitoring Based on IoT},
  journal = {ShodhKosh: Journal of Visual and Performing Arts},
  year = {2024},
  volume = {5},
  number = {5},
  pages = {338-340},
  doi = {10.29121/shodhkosh.v5.i5.2024.1884},
  
}

@Article{shirali2022survey,
  author = {Shirali, Mohsen and Tefke, Tobias and Staudemeyer, Ralf C and Poehls, Henrich C},
  journal = {IEEE Access},
  title = {A Survey on Anonymous Communication Systems with a Focus on Dining Cryptographers Networks},
  year = {2023},
  month = jan,
  doi = {10.1109/ACCESS.2023.3242870},
}

@Conference{Tefke2023,
  author = {Tefke, Tobias and Staudemeyer, Ralf C.},
  booktitle = {Sicherheit in vernetzten Systemen. 30. DFN-Konferenz},
  title = {Sicherheit in Microservice-Umgebungen},
  year = {2023},
  editor = {Ude, Albrecht},
  month = feb,
  organization = {DFN-CERT},
  pages = {D1-D21},
  publisher = {Books on Demand},
  isbn = {9-783756-881390},
}

@Article{Claucherty2025,
  author = {Ethan Claucherty and Danielle Cummins and Bahar Aliakbarian},
  title = {RFID Unpacked: A Case Study in Employing RFID Tags from Item to Pallet Level},
  journal = {Electronics},
  year = {2025},
  volume = {14},
  pages = {278},
  doi = {10.3390/electronics14020278},
  url = {https://doi.org/10.3390/electronics14020278},
}

@Misc{PINE64,
  author = {PINE64},
  title = {PineCone Wiki},
  howpublished = {\url{https://wiki.pine64.org/wiki/PineCone}},
  note = {Accessed: 2024-11-10},
}

@Misc{RFIDReaderEM18,
  author = {Electronic Wings},
  title = {RFID Reader EM18},
  howpublished = {\url{https://www.electronicwings.com/sensors-modules/rfid-reader-em18}},
  note = {Accessed: 2025-01-08},
}

@Misc{MG996RServoMotor,
  author = {Tower Pro},
  title = {MG996R Servo Motor Datasheet},
  howpublished = {\url{https://www.electronicoscaldas.com/datasheet/MG996R_Tower-Pro.pdf}},
  note = {Accessed: 2025-01-08},
}
@InProceedings{Staudemeyer2018,
  author    = {Ralf C. Staudemeyer and Henrich C. Pöhls and Marcin Wójcik},
  title     = {The Road to Privacy in IoT: Beyond Encryption and Signatures, Towards Unobservable Communication},
  booktitle = {2018 IEEE World of Wireless, Mobile and Multimedia Networks (WoWMoM)},
  year      = {2018},
  month     = {June},
  doi       = {10.1109/WoWMoM.2018.8449779},
}
@Article{Patel2021,
  author  = {Dilip Prathapagiri and Kosalendra Eethamakula},
  title   = {Wi-Fi Door Lock System Using ESP32 CAM Based on IoT},
  journal = {The International Journal of Analytical and Experimental Modal Analysis},
  volume  = {XIII},
  number  = {VII},
  year    = {2021},
  pages   = {2000-2003},
  issn    = {0886-9367},
  url     = {https://www.researchgate.net/publication/353331137_Wi-Fi_Door_Lock_System_Using_ESP32_CAM_Based_on_IoT}
}


@Article{SmartHomeSecurity2024,
  author  = {Jaafar Salim},
  title   = {Smart Home Security: Designing An Effective IoT},
  journal = {ResearchGate Preprints}, 
  year    = {2024},
  month   = {August},
  doi     = { 10.13140/RG.2.2.17570.85445},
}

@Article{Wu2024,
  author  = {Wu Chia Chuan and Yeap Wei Seng and Ong Hui Chun},
  title   = {Smart Water Resource Management Embedded System Based on FreeRTOS},
  journal = {IEEE Embedded Systems and IoT Group},
  year    = {2024},
  doi     = {10.1109/ICITISEE53823.2021.9655875},
}





@Article{Oliveira2023,
  author  = {Gessé Oliveira and George Lima},
  title   = {Scheduling and energy savings for small scale embedded FreeRTOS-based real-time systems},
  journal = {Design Automation for Embedded Systems},
  volume  = {27},
  pages   = {3–29},
  year    = {2023},
  doi     = {10.1007/s10617-023-09267-7},
}


@InProceedings{Gong2023,
  author    = {Jiajun Gong and Wenbo Guo and Weijian Sun},
  title     = {UART Communication Protocol: Frame Format Explanation and Application},
  booktitle = {Proceedings of the 5th International Conference on Computing and Data Science},
  year      = {2023},
  doi       = {10.54254/2755-2721/14/20230757},
  
}
@Article{Amin2018,
  author  = {R. Amin and S. Hossain and G. Jeon},
  title   = {A Secure and Efficient IoT-Enabled Smart Door Lock System Using RFID and Face Recognition},
  journal = {IEEE Access},
  year    = {2018},
  volume  = {6},
  pages   = {69608-69619},
  doi     = {10.1109/ACCESS.2018.2879841}
}

@Misc{Softengi2024,
  author       = {Softengi},
  title        = {Smart Door – An Application for Automated Door Unlocking},
  year         = {2024},
  url          = {https://softengi.com/projects/smart-door-an-application-for-automated-door-unlocking/},
  note         = {Accessed: 2025-03-05}
}

@Misc{GitHubHomeLock,
  author       = {Suavam Basak},
  title        = {HomeLock – A Smart Door Lock System},
  year         = {2024},
  url          = {https://github.com/suvambasak/HomeLock},
  note         = {Accessed: 2025-03-05}
}

@Article{Tiwari2024,
  author  = {A. Tiwari and R. Waoo},
  title   = {IoT-Based Home Security System with Cloud Access Control},
  journal = {International Journal of Emerging Trends in Engineering Research},
  year    = {2024},
  volume  = {12},
  number  = {2},
  pages   = {45-52},
  doi     = {10.11591/ijeter.v12.i2.2024}
}
@Misc{BSI2025,
  author       = {Bundesamt für Sicherheit in der Informationstechnik (BSI)},
  title        = {RFID Technology - Security and Standards},
  year         = {2025},
  url          = {https://www.bsi.bund.de/EN/Themen/Unternehmen-und-Organisationen/Standards-und-Zertifizierung/RFID/rfid_node.html},
  note         = {Accessed: 2025-03-06}
}
@Misc{RFIDInc2025,
  author       = {RFID Inc.},
  title        = {RFID Technology Solutions - Security and Applications},
  year         = {2025},
  url          = {https://www.rfidinc.com/?srsltid=AfmBOornOGZ2K3De9y8UYTjz-_7gOfc9YQH99xDoJkRagc_1u031gLjF},
  note         = {Accessed: 2025-03-06}
}
@Misc{GitHubRepo2025,
  author       = {Joshua P. Biju},
  title        = {Smart Door Lock System based on IoT - GitHub Repository},
  year         = {2025},
  url          = {https://github.com/JOSHUAPBIJU/Smart-Door-Lock-System-based-on-IOT},
  note         = {Accessed: 2025-03-06}
}
@Manual{BL602Datasheet,
  author    = {Bouffalo Lab},
  title     = {BL602/604 Wi-Fi and BLE SoC Datasheet},
  year      = {2020},
  url       = {https://files.pine64.org/doc/datasheet/Pinenut/Bouffalo%20Lab%20BL602_BL604_DS_en_Combo_1.1.pdf},
  note      = {Accessed: 2025-03-06}
}
@Misc{EM18Datasheet,
  author       = {Components101},
  title        = {EM-18 RFID Reader Module Datasheet},
  year         = {2025},
  url          = {https://components101.com/sites/default/files/component_datasheet/EM18%20RFID%20Reader%20Datasheet.pdf},
  note         = {Accessed: 2025-03-06}
}

@article{Shirali2023,
  author  = {Shirali, Mohsen and Pöhls, Henrich C. and Wójcik, Marcin},
  title   = {The Road to Privacy in IoT: Beyond Encryption and Signatures, Towards Unobservable Communication},
  journal = {IEEE Access},
  year    = {2023},
  doi     = {10.1109/ACCESS.2023.3242870},
  url     = {https://ieeexplore.ieee.org/document/8449779}
}

@inproceedings{LoRaLock2022,
  title     = {Smart Door Locking System Using LoRa Technology},
  booktitle = {2022 6th International Conference on Intelligent Computing and Control Systems (ICICCS)},
  year      = {2022},
  url       = {https://ieeexplore.ieee.org/document/9791632}
}

@article{Tiwari2024,
  author  = {Tiwari, Anurag and Waoo, Akhilesh A.},
  title   = {Door Security System for Home Monitoring Based on IoT},
  journal = {ShodhKosh: Journal of Visual and Performing Arts},
  volume  = {5},
  number  = {5},
  pages   = {338--340},
  year    = {2024},
  doi     = {10.29121/shodhkosh.v5.i5.2024.1884},
  url     = {https://dx.doi.org/10.29121/shodhkosh.v5.i5.2024.1884}
}
@Misc{DuoMFA2025,
  author       = {Duo Security},
  title        = {Multi-Factor Authentication (MFA) - Two-Factor Authentication (2FA)},
  year         = {2025},
  url          = {https://duo.com/product/multi-factor-authentication-mfa/two-factor-authentication-2fa},
  note         = {Accessed: 2025-03-06}
}



